<?xml version="1.0" encoding="UTF-8"?><collection xmlns="http://www.loc.gov/MARC21/slim"><record><leader>00459nam--2200133-i-4500</leader><controlfield tag="001">000039230</controlfield><controlfield tag="002">20161230</controlfield><controlfield tag="005">20161230201042</controlfield><controlfield tag="008">060222s1000------------r-----000-0-eng-d</controlfield><datafield ind1=" " ind2=" " tag="080"><subfield code="a">621.039.51</subfield></datafield><datafield ind1=" " ind2=" " tag="100"><subfield code="a">Robinson, James Conda</subfield></datafield><datafield ind1=" " ind2=" " tag="245"><subfield code="a">Approximate solution to the time dependent multigroup neutron diffusion equations using a restricted variational principle. /thesis</subfield></datafield><datafield ind1=" " ind2=" " tag="260"><subfield code="a">Ann Arbor, Michigan, Univ.Microfilms Inc., 1966, Vi + 108p</subfield></datafield><datafield ind1=" " ind2=" " tag="852"><subfield code="a">29903</subfield></datafield></record></collection>